@inproceedings{hindle2012naturalness,
  title={On the naturalness of software},
  author={Hindle, Abram and Barr, Earl T and Su, Zhendong and Gabel, Mark and Devanbu, Premkumar},
  booktitle={Software Engineering (ICSE), 2012 34th International Conference on},
  pages={837--847},
  year={2012},
  organization={IEEE}
}

@inproceedings{mou2016convolutional,
  title={Convolutional Neural Networks over Tree Structures for Programming Language Processing.},
  author={Mou, Lili and Li, Ge and Zhang, Lu and Wang, Tao and Jin, Zhi},
  booktitle={AAAI},
  pages={1287--1293},
  year={2016}
}

@inproceedings{pu2016sk_p,
  title={sk\_p: a neural program corrector for MOOCs},
  author={Pu, Yewen and Narasimhan, Karthik and Solar-Lezama, Armando and Barzilay, Regina},
  booktitle={Companion Proceedings of the 2016 ACM SIGPLAN International Conference on Systems, Programming, Languages and Applications: Software for Humanity},
  pages={39--40},
  year={2016},
  organization={ACM}
}